<?xml version="1.0" encoding="UTF-8"?>
<collection xmlns:xsi="http://www.w3.org/2001/XMLSchema-instance" xsi:schemaLocation="http://www.loc.gov/MARC21/slim http://www.loc.gov/standards/marcxml/schema/MARC21slim.xsd" xmlns="http://www.loc.gov/MARC21/slim">
<record>
  <leader>01613cam a2200325Ma 4500</leader>
  <controlfield tag="001">642611</controlfield>
  <controlfield tag="003">NNC</controlfield>
  <controlfield tag="005">20160718182705.0</controlfield>
  <controlfield tag="008">880420s1938    ua            000 0 ara d</controlfield>
  <datafield tag="035" ind1=" " ind2=" ">
    <subfield code="9">ACU9421CU</subfield>
  </datafield>
  <datafield tag="035" ind1=" " ind2=" ">
    <subfield code="a">(OCoLC)ocm45886753</subfield>
  </datafield>
  <datafield tag="035" ind1=" " ind2=" ">
    <subfield code="a">(OCoLC)45886753</subfield>
  </datafield>
  <datafield tag="035" ind1=" " ind2=" ">
    <subfield code="a">(NNC)642611</subfield>
  </datafield>
  <datafield tag="040" ind1=" " ind2=" ">
    <subfield code="a">ZCU</subfield>
    <subfield code="b">eng</subfield>
    <subfield code="c">ZCU</subfield>
    <subfield code="d">UUM</subfield>
    <subfield code="d">OCLCG</subfield>
    <subfield code="d">OCLCA</subfield>
    <subfield code="d">OCLCQ</subfield>
    <subfield code="d">OCLCO</subfield>
    <subfield code="d">OCLCF</subfield>
    <subfield code="d">OCLCA</subfield>
    <subfield code="d">ZCU</subfield>
  </datafield>
  <datafield tag="090" ind1=" " ind2=" ">
    <subfield code="a">KBP300.S487</subfield>
    <subfield code="b">A3637 1938</subfield>
  </datafield>
  <datafield tag="100" ind1="1" ind2=" ">
    <subfield code="a">Shurunbulālī, Ḥasan ibn ʻAmmār,</subfield>
    <subfield code="d">1585 or 1586-1659.</subfield>
  </datafield>
  <datafield tag="245" ind1="1" ind2="0">
    <subfield code="a">Marāqī al-falāḥ :</subfield>
    <subfield code="b">sharḥ Nūr al-īḍāḥ /</subfield>
    <subfield code="c">li-Ḥasan ibn ʻAmmār ibn ʻAlī al-Shurunbulālī al-Ḥanafī. Wa-bi-hāmishihi matn Nūr al-iḍāh / lil-muʼallif al-madhkūr.</subfield>
  </datafield>
  <datafield tag="246" ind1="3" ind2=" ">
    <subfield code="a">Matn nūr al-īḍāḥ</subfield>
  </datafield>
  <datafield tag="260" ind1=" " ind2=" ">
    <subfield code="a">Miṣr :</subfield>
    <subfield code="b">al-Maktabah al-Tijarīyah al-Kubrá,</subfield>
    <subfield code="c">1357h [i.e. 1938 or 39]</subfield>
  </datafield>
  <datafield tag="300" ind1=" " ind2=" ">
    <subfield code="a">144 pages ;</subfield>
    <subfield code="c">28 cm</subfield>
  </datafield>
  <datafield tag="336" ind1=" " ind2=" ">
    <subfield code="a">text</subfield>
    <subfield code="b">txt</subfield>
    <subfield code="2">rdacontent</subfield>
  </datafield>
  <datafield tag="337" ind1=" " ind2=" ">
    <subfield code="a">unmediated</subfield>
    <subfield code="b">n</subfield>
    <subfield code="2">rdamedia</subfield>
  </datafield>
  <datafield tag="338" ind1=" " ind2=" ">
    <subfield code="a">volume</subfield>
    <subfield code="b">nc</subfield>
    <subfield code="2">rdacarrier</subfield>
  </datafield>
  <datafield tag="650" ind1=" " ind2="0">
    <subfield code="a">Islamic law.</subfield>
  </datafield>
  <datafield tag="650" ind1=" " ind2="0">
    <subfield code="a">Hanafites.</subfield>
  </datafield>
  <datafield tag="600" ind1="1" ind2="0">
    <subfield code="a">Shurunbulālī, Ḥasan ibn ʻAmmār,</subfield>
    <subfield code="d">1585 or 1586-1659.</subfield>
    <subfield code="t">Nūr al-īḍāḥ fī al-fiqh ʻalá madhhab al-Imām Abī Ḥanīfah.</subfield>
  </datafield>
  <datafield tag="630" ind1="0" ind2="7">
    <subfield code="a">Nūr al-īḍāḥ fī al-fiqh ʻalá madhhab al-Imām Abī Ḥanīfah (Shurunbulalī, Ḥasan ibn ʻAmmār)</subfield>
    <subfield code="2">fast</subfield>
    <subfield code="0">(OCoLC)fst01390906</subfield>
  </datafield>
  <datafield tag="650" ind1=" " ind2="7">
    <subfield code="a">Hanafites.</subfield>
    <subfield code="2">fast</subfield>
    <subfield code="0">(OCoLC)fst00950818</subfield>
  </datafield>
  <datafield tag="650" ind1=" " ind2="7">
    <subfield code="a">Islamic law.</subfield>
    <subfield code="2">fast</subfield>
    <subfield code="0">(OCoLC)fst00979949</subfield>
  </datafield>
  <datafield tag="700" ind1="1" ind2=" ">
    <subfield code="a">Shurunbulālī, Ḥasan ibn ʻAmmār,</subfield>
    <subfield code="d">1585 or 1586-1659.</subfield>
    <subfield code="t">Nūr al-īḍāḥ fī al-fiqh ʻalá madhhab al-Imām Abī Ḥanīfah.</subfield>
  </datafield>
  <datafield tag="955" ind1=" " ind2=" ">
    <subfield code="b">CU70684804</subfield>
    <subfield code="d">off,glx</subfield>
    <subfield code="e">KBL .S5635 1938g</subfield>
  </datafield>
</record>
</collection>